%  Team 05 Bibliography
%  

@misc{c01,
author = {McDubb, D.},
year = {2010},
title = {Gaussian Processes},
school = {Massachusetts Institute of Technology},
URL = {http://courses.media.mit.edu/2010fall/mas622j/ProblemSets/slidesGP.pdf},
type = {lecture}
}

@conference{c02,
author = {Ryan Prescott Adams, George E. Dahl and Iain Murray},
year = {2014},
title = {Incorporating Side Information in Probabilistic Matrix Factorization with Gaussian Processes},
organization = {Twenty-Sixth Conference on Uncertainty in Artificial Intelligence},
volume = {UAI2010},
number = {arXiv:1408.2039}
}

@conference{c03,
author = {Wilson A.G., Adams R.P.},
year = {2010},
title = {Gaussian Process Kernels for Pattern Discovery and Extrapolation},
organization = {The 30th International Conference on Machine Learning},
number = {JMLR W\&CP 28 (3) :1067-1075, 2013}
}

@misc{c04,
author = {Ghahramani, Z.},
year = {2010},
type = {lecture},
title = {A Tutorial on Gaussian Processes},
school = {University of Cambridge}
}

@misc{c05,
author = {Clifton, D.},
year = {2016},
title = {Log Gaussian Cox Processes},
organization = {Computational Health Informatics Group Meeting},
type = {presentation}
}

@article{c06,
author = {Flaxman, S.},
year = {2016},
title = {A General Approach to Prediction and Forecasting Crime Rates with Gaussian Processes},
organization = {Twenty-Sixth Conference on Uncertainty in Artificial Intelligence},
URL = {https://www.ml.cmu.edu/research/dap-papers/dap\_flaxman.pdf}
}

@misc{c07,
author = {Wilson J. Q. and Kelling G.},
title = {Broken Window Theory},
organization = {Missoula, MT - Official Website},
URL = {http://www.ci.missoula.mt.us/881/Broken-Window-Theory}
}